\begin{thebibliography}{0}
\bibitem{newman2010}
M. E. J. Newman, \textit{Networks: An Introduction}, Oxford University Press, 2010.

\bibitem{huberman2004}
Wu F. and Huberman B.A, \textit{Social structure and opinion formation}, arXiv.org:cond-mat/0407252v3, 2004

\bibitem{laguna2004}
 M. F. Laguna et al, \textit{The dynamics of opinion in hierarchical organizations}, arXiv.org:nlin/0404024, 2004 

\bibitem{masuda2015}
Naoki Masuda, \textit{Opinion control in complex networks}, New Journal of Physics, Volume 17, 2015.

\bibitem{zuev2012}
Zuev A S and Fedyanin, 
\textit{Models of opinion control for agents in social networks}, Automation and Remote Control Volume 73 Issue 10, pp.1753–1764, 2012 

\bibitem{boccaletti2014}
S. Boccaletti et al, \textit{The structure and dynamics of multilayer networks}, Physics Reports 544, pp.1, 2014.

\bibitem{domenico2013}
M. De Domenico et al, \textit{Mathematical Formulation of Multilayer Networks}, Physical Review X 3, pp.1, 041022, 2013.

\bibitem{tomasini2015}
Marcello Tomasini, \textit{An Introduction to Multilayer Networks}, 10.13140/RG.2.2.16830.18243, 2015.

\bibitem{namkhanhvu2017}
Nam Khanh Vu, \textit{Robustness of Interconnected Complex Networks with Directed Dependency}, June 2017.

\bibitem{mikko2013}
Mikko Kivela et al, \textit{Multilayer Networks}, SSRN Electronic Journal. 2. DOI : 10.1093/comnet/cnu016, 2013.

\bibitem{halu2013}
A. Halu, K. Zhao et al, \textit{Dynamic interdependence and competition in multilayer networks}, EPL(Europhysics Letters) 102, 16002, URL \textit{http://stacks.iop.org/0295-5075/102/i=1/a=16002}, pp.1-5, 2013.

\bibitem{bianconi2018}
G. Bianconi, \textit{Multilayer Networks: Structure and Function}, Oxford University Press, 2018.

\bibitem{alvarez2016}
Alvarez-Zuzek et al, \textit{Interacting Social Processes on Interconnected Network}, PLoS ONE. 11. 10.1371/journal.pone.0163593, 2016.

\bibitem{gomez2015}
Gomez Gardenes J. et al, \textit{Layer-layer competition in multiplex complex network},. Phil. Trans. R. Soc. A 373:20150117, 2015

\bibitem{diep2017}
H.T. Diep et al, \textit{Dynamics of two-group conflicts: A statistical physics model}, Physica A, \textit{http://dx.doi.org/10.1016/j.physa.2016.10.072}, 2017.

\bibitem{rocca2014}
C. E. La Rocca et al, \textit{The influence of persuasion in opinion formation and polarization}, Europhys. Lett. 106, 40004, pp.1-2, 2014.

\bibitem{abrams2003}
M Abrams et al, \textit{Modelling the dynamics of language death}, Nature.424.900. DOI : 10.1038/424900a, 2003.

\bibitem{vazquez2010}
 F. Vazquez et al, \textit{Agent based models of language competition: macroscopic descriptions and order–disorder transitions}, Journal of Statistical Mechanics: Theory and Experiment 2010, P04007, 2010.

\bibitem{bela2001}
 Bela Bollobas, \textit{Random Graphs}, 2nd edition, Cambridge University Press, section 2.4: Random Regular Graphs, 2001.

\bibitem{barabasi1999}
Barabasi A. L., Albert R, \textit{Emergence of Scaling in Random Networks}, Science 286, 509, DOI: 10.1126/science.286.5439.509, 1999.
Kim Sangwoo, Structure and dynamics of complex networks, Yonsei Univ, 2012.

\bibitem{kimsangwoo2012}
Kim Sangwoo, \textit{Structure and dynamics of complex networks}, Yonsei Univ, 2012.

\end{thebibliography}